@inproceedings{Ha:TowardsWearableCogAssist,
 author = {K. Ha and Z. Chen and W. Hu and W. Richter and P. Pillai and M. Satyanarayanan},
 title = {{Towards Wearable Cognitive Assistance}},
 booktitle = {Proceedings of the 12th Annual International Conference on Mobile Systems, Applications, and Services},
}

@inproceedings{Chen:AnEmpiricalStudyOfLatency,
 author = {Z. Chen and W. Hu and J. Wang and S. Zhao and B. Amos and G. Wu and K. Ha and K. Elgazzar and P. Pillai and R. Klatzky and D. Siewiorek and M. Satyanarayanan},
 title = {{An Empirical Study of Latency in an Emerging Class of Edge Computing Applications for Wearable Cognitive Assistance}},
 booktitle = {Proceedings of the Second ACM/IEEE Symposium on Edge Computing},
}

@article{satya2009case,
  title={{The Case for {VM-based} Cloudlets in Mobile Computing}},
  author={M. Satyanarayanan and P. Bahl and R. Caceres and N. Davies},
  journal={IEEE Pervasive Computing},
  volume={8},
  number={4},
  year={2009},
  publisher={IEEE}
}

@article{Bittmann_Edge,
    title={{The Edge Will Eat the Cloud}},
    author={T. Bittmann},
    journal={Gartner Research},
    year={2017}
}

@inproceedings{Chen:EarlyImplementation,
    author = {Z. Chen and L Jiang and W. Hu and K. Ha and B. Amos and P. Pillai and A. Hauptmann and M. Satyanarayanan},
    title = {{Early Implementation Experience with Wearable Cognitive Assistance Applications}},
    booktitle = {Proceedings of the 2015 Workshop on Wearable Systems and Applications},
}